@book{kant,
	author = {Immanuel Kant},
	translator = {James W. Ellington},
	year = {1993},
	title = {Groundings for the Metaphysics of Morals},
	origpublisher = {Indianapolis},
	publisher = {Hackett Publishing},
	isbn = {9780872201668},
}

@book{mill,
	author = {John Stuart Mill},
	year = {1978},
	title = {On Liberty},
	origpublisher = {Indianapolis},
	publisher = {Hackett Publishing},
	isbn = {9780915144433},
}

@book{akut,
	author = {Ryūnosuke Akutagawa},
	translator = {Jay Rubin},
	year = {2006},
	title = {Rashōmon and Seventeen Other Stories},
	origpublisher = {New York},
	publisher = {Penguin Books},
	isbn = {9780140449709},
}

